@inproceedings{xu2017scalable,
	title={Scalable software-defined networking through hybrid switching},
	author={Xu, Hongli and Huang, He and Chen, Shigang and Zhao, Gongming},
	booktitle={INFOCOM 2017-IEEE Conference on Computer Communications, IEEE},
	pages={1--9},
	year={2017},
	organization={IEEE}
}

@article{xu2017joint,
	title={Joint Route Selection and Update Scheduling for Low-Latency Update in SDNs},
	author={Xu, Hongli and Yu, Zhuolong and Li, Xiang-Yang and Huang, Liusheng and Qian, Chen and Jung, Taeho and Xu, Hongli and Yu, Zhuolong and Li, Xiang-Yang and Huang, Liusheng and others},
	journal={IEEE/ACM Transactions on Networking (TON)},
	volume={25},
	number={5},
	pages={3073--3087},
	year={2017},
	publisher={IEEE Press}
}

@article{xu2017incremental,
	title={Incremental deployment and throughput maximization routing for a hybrid SDN},
	author={Xu, Hongli and Li, Xiang-Yang and Huang, Liusheng and Deng, Hou and Huang, He and Wang, Haibo},
	journal={IEEE/ACM Transactions on Networking (TON)},
	volume={25},
	number={3},
	pages={1861--1875},
	year={2017},
	publisher={IEEE Press}
}

@article{zhao2018joint,
	title={Joint Optimization of Flow Table and Group Table for Default Paths in SDNs},
	author={Zhao, Gongming and Xu, Hongli and Chen, Shigang and Huang, Liusheng and Wang, Pengzhan},
	journal={IEEE/ACM Transactions on Networking},
	volume={26},
	number={4},
	pages={1837--1850},
	year={2018},
	publisher={IEEE}
}

@article{xu2018achieving,
	title={Achieving High Scalability Through Hybrid Switching in Software-Defined Networking},
	author={Xu, Hongli and Huang, He and Chen, Shigang and Zhao, Gongming and Huang, Liusheng},
	journal={IEEE/ACM Transactions on Networking (TON)},
	volume={26},
	number={1},
	pages={618--632},
	year={2018},
	publisher={IEEE Press}
}
@inproceedings{alizadeh2013data,
	title={On the data path performance of leaf-spine datacenter fabrics},
	author={Alizadeh, Mohammad and Edsall, Tom},
	booktitle={High-Performance Interconnects (HOTI), 2013 IEEE 21st Annual Symposium on},
	pages={71--74},
	year={2013},
	organization={IEEE}
}

@Misc{openvswitch,
	howpublished = {\url{http://openvswitch.org/}},
	title = {Open vSwitch},
}

@Misc{ryu,
	howpublished = {\url{https://github.com/osrg/ryu}},
	title = {Ryu component-based software defined networking framework},
	author = {osrg}
}

@Misc{gcc,
  howpublished = {\url{https://gcc.gnu.org/}},
  title = {GCC, the GNU Compiler Collection},
  author = {Free Software Foundation, Inc.}
}

@Misc{stanfordhh,
	howpublished = {\url{http://theory.stanford.edu/~tim/s15/l/l2.pdf}},
	title = {Approximate Heavy Hitters and the Count-Min Sketch},
	author = {Roughgarden, Tim and Valiant, Gregory}
}

@article{floyd1962algorithm,
	title={Algorithm 97: shortest path},
	author={Floyd, Robert W},
	journal={Communications of the ACM},
	volume={5},
	number={6},
	pages={345},
	year={1962},
	publisher={ACM}
}

@inproceedings{al2008scalable,
	title={A scalable, commodity data center network architecture},
	author={Al-Fares, Mohammad and Loukissas, Alexander and Vahdat, Amin},
	booktitle={ACM SIGCOMM Computer Communication Review},
	volume={38},
	number={4},
	pages={63--74},
	year={2008},
	organization={ACM}
}

@inproceedings{ahn2009hyperx,
	title={HyperX: topology, routing, and packaging of efficient large-scale networks},
	author={Ahn, Jung Ho and Binkert, Nathan and Davis, Al and McLaren, Moray and Schreiber, Robert S},
	booktitle={Proceedings of the Conference on High Performance Computing Networking, Storage and Analysis},
	pages={41},
	year={2009},
	organization={ACM}
}

@inproceedings{cheung2006finding,
	title={Finding hierarchical heavy hitters with the count min sketch},
	author={Cheung-Mon-Chan, Pascal and Cl{\'e}rot, Fabrice},
	booktitle={Proceedings of 4th International Workshop on Internet Performance, Simulation, Monitoring and Measurement, IPS-MOME},
	year={2006}
}

@article{KXW06,
  title={Space-code bloom filter for efficient per-flow traffic measurement},
  author={Kumar, A. and Xu, J. and Wang, J.},
  journal={IEEE Journal on Selected Areas in Communications},
  volume={24},
  number={12},
  pages={2327--2339},
  year={2006}
}

@article{LMP08,
   author = {Y. Lu and A. Montanari and B. Prabhakar and S. Dharmapurikar and A. Kabbani},
   title = {{Counter Braids: A Novel Counter Architecture for Per-Flow Measurement}},
   journal = {Proc. of ACM SIGMETRICS},
   month = {June},
   year = {2008},
   volume = {},
   number = {},
   pages = {}
}

@article{LP09,
   author = {Y. Lu and B. Prabhakar},
   title = {{Robust Counting Via Counter Braids: An Error-Resilient Network Measurement Architecture}},
   journal = {Proc. of IEEE INFOCOM},
   month = {April},
   year = {2009},
   volume = {},
   number = {},
   pages = {}
}

@article{LCL11,
   author = {T. Li and S. Chen and Y. Ling},
   title = {Fast and Compact Per-Flow Traffic Measurement through Randomized Counter Sharing},
   journal = {Proc. of IEEE INFOCOM},
   month = {April},
   year = {2011},
   volume = {},
   number = {},
   pages = {1799-1807}
}


@article{li2012per,
  author = {T. Li and S. Chen and Y. Ling},
  title = {Per-flow traffic measurement through randomized counter sharing},
  journal = {Networking, IEEE/ACM Transactions on},
  volume = {20},
  number = {5},
  pages = {1622--1634},
  year = {2012},
  publisher = {IEEE}
}


@inproceedings{cohen2014effect,
  title={On the effect of forwarding table size on SDN network utilization},
  author={Cohen, Reuven and Lewin-Eytan, Liane and Naor, Joseph Seffi and others},
  booktitle={Proc. IEEE INFOCOM},
  pages={1734--1742},
  year={2014},
  organization={IEEE}
}


@article{mckeown2008openflow,
  title={OpenFlow: enabling innovation in campus networks},
  author={McKeown, Nick and Anderson, Tom and Balakrishnan, Hari and Parulkar, Guru and Peterson, Larry and Rexford, Jennifer and Shenker, Scott and Turner, Jonathan},
  journal={ACM SIGCOMM Computer Communication Review},
  volume={38},
  number={2},
  pages={69--74},
  year={2008},
  publisher={ACM}
}

@article{Gu2014,
title = {Software defined flexible and efficient passive optical networks for intra-datacenter communications},
author = {Rentao Gu and Yuefeng Ji and Pei Wei and Shizong Zhang},
journal = {Optical Switching and Networking},
year = {2014},
issn = {1573-4277}
}



@article{NTJB2008CCR,
  title={NOX: towards an operating system for networks},
  author={Gude, Natasha and Koponen, Teemu and Pettit, Justin and Pfaff, Ben and Casado, Mart{\'\i}n and McKeown, Nick and Shenker, Scott},
  journal={ACM Computer Communication Review},
  volume={38},
  number={3},
  pages={105--110},
  year={2008}
}

@inproceedings{NHJA2004Fdna,
  title={The case for separating routing from routers},
  author={Feamster, Nick and Balakrishnan, Hari and Rexford, Jennifer and Shaikh, Aman and Van Der Merwe, Jacobus},
  booktitle={ACM SIGCOMM workshop on Future directions in network architecture},
  pages={5--12},
  year={2004}
}

@inproceedings{TK2010OSDI,
  title={Onix: A Distributed Control Platform for Large-scale Production Networks.},
  author={Koponen, Teemu and Casado, Martin and Gude, Natasha and Stribling, Jeremy and Poutievski, Leon and Zhu, Min and Ramanathan, Rajiv and Iwata, Yuichiro and Inoue, Hiroaki and Hama, Takayuki and others},
  booktitle={OSDI},
  volume={10},
  pages={1--6},
  year={2010}
}
@inproceedings{TTRK2004Hotnets,
  title={The softrouter architecture},
  author={Lakshman, TV and Nandagopal, T and Ramjee, R and Sabnani, K and Woo, T},
  booktitle={ACM SIGCOMM Workshop on Hot Topics in Networking},
  year={2004}
}
@inproceedings{SMT2013infocom,
  title={Traffic engineering in software defined networks},
  author={Agarwal, Sugam and Kodialam, Murali and Lakshman, TV},
  booktitle={IEEE INFOCOM},
  pages={2211--2219},
  year={2013}
}


@inproceedings{HKMZ2013Sigcomm,
  title={Achieving high utilization with software-driven WAN},
  author={Hong, Chi-Yao and Kandula, Srikanth and Mahajan, Ratul and Zhang, Ming and Gill, Vijay and Nanduri, Mohan and Wattenhofer, Roger},
  booktitle={ACM SIGCOMM Computer Communication Review},
  volume={43},
  number={4},
  pages={15--26},
  year={2013},
  organization={ACM}
}

@inproceedings{jain2013b4,
  title={B4: Experience with a globally-deployed software defined WAN},
  author={Jain, Sushant and Kumar, Alok and Mandal, Subhasree and Ong, Joon and Poutievski, Leon and Singh, Arjun and Venkata, Subbaiah and Wanderer, Jim and Zhou, Junlan and Zhu, Min and others},
  booktitle={ACM SIGCOMM Computer Communication Review},
  volume={43},
  number={4},
  pages={3--14},
  year={2013},
  organization={ACM}
}


@inproceedings{BCKR2011sigcomm,
  title={Towards predictable datacenter networks},
  author={Ballani, Hitesh and Costa, Paolo and Karagiannis, Thomas and Rowstron, Ant},
  booktitle={ACM Computer Communication Review},
  volume={41},
  number={4},
  pages={242--253},
  year={2011}
}


@book{vazirani2001approximation,
  title={Approximation algorithms},
  author={Vazirani, Vijay V},
  year={2001},
  publisher={springer}
}


@MISC{OpenflowOrg,
  title =        {The Openflow Switch},
  howpublished = {\url{openflowswitch.org}},
}

@MISC{MininetOrg,
  title =        {The Mininet Platform},
  howpublished = {\url{http://mininet.org/}},
}

@MISC{MonashTopo,
  title =        {The Network Topology from the Monash University},
  howpublished = {\url{http://www.ecse.monash.edu.au/twiki/bin/view/InFocus/LargePacket-switchingNetworkTopologies}},
}


@inproceedings{MDNJ2005NSDI,
 author = {Caesar, Matthew and Caldwell, Donald and Feamster, Nick and Rexford, Jennifer and Shaikh, Aman and van der Merwe, Jacobus},
 title = {Design and Implementation of a Routing Control Platform},
 booktitle = {NSDI},
 year = {2005},
 pages = {15--28},
 address = {Berkeley, CA, USA}
}



@INPROCEEDINGS{ISTAMP2014Malboubi,
author={Malboubi, M. and Liyuan Wang and Chen-Nee Chuah and Sharma, P.},
booktitle={Proc. IEEE INFOCOM},
title={Intelligent SDN based traffic (de)Aggregation and Measurement Paradigm (iSTAMP)},
year={2014},
pages={934-942},
keywords={content-addressable storage;optimisation;software radio;telecommunication network management;telecommunication traffic recording;Mininet environment;OpenFlow;TCAM;flow aggregation matrix;flow-size estimation error;heavy hitter detection;iSTAMP;intelligent SDN traffic aggregation and measurement paradigm;intelligent multiarmed bandit based algorithm;network management;network traffic;per-flow measurements;security analysis;software defined networking;traffic flow measurement;traffic matrix estimation;Accuracy;Aggregates;Estimation;Heuristic algorithms;Monitoring;Optimization;Routing},
doi={10.1109/INFOCOM.2014.6848022}
}


@article{moy1997ospf,
  title={OSPF version 2},
  author={Moy, John},
  year={1997}
}

@techreport{rekhter2005border,
  title={A border gateway protocol 4 (BGP-4)},
  author={Rekhter, Yakov and Li, Tony and Hares, Susan},
  year={2005}
}

@misc{wang2011openflow,
  title={OpenFlow-based server load balancing gone wild},
  author={Wang, Richard and Butnariu, Dana and Rexford, Jennifer and others},
  year={2011},
  publisher={Hot-ICE}
}

@article{raghavan1987randomized,
  title={Randomized rounding: a technique for provably good algorithms and algorithmic proofs},
  author={Raghavan, Prabhakar and Tompson, Clark D},
  journal={Combinatorica},
  volume={7},
  number={4},
  pages={365--374},
  year={1987},
  publisher={Springer}
}

@inproceedings{even1975complexity,
  title={On the complexity of time table and multi-commodity flow problems},
  author={Even, Shimon and Itai, Alon and Shamir, Adi},
  booktitle={Foundations of Computer Science, 1975., 16th Annual Symposium on},
  pages={184--193},
  year={1975},
  organization={IEEE}
}


@article{handigol2009plug,
  title={Plug-n-Serve: Load-balancing web traffic using OpenFlow},
  author={Handigol, Nikhil and Seetharaman, Srinivasan and Flajslik, Mario and McKeown, Nick and Johari, Ramesh},
  journal={ACM SIGCOMM Demo},
  year={2009}
}

@misc{handigol2011aster,
  title={Aster* x: Load-Balancing Web Traffic over Wide-Area Networks},
  author={Handigol, Nikhil and Seetharaman, Srini and Flajslik, Mario and Gember, Aaron and McKeown, Nick and Parulkar, Guru and Akella, Aditya and Feamster, Nick and Clark, Russ and Krishnamurthy, Arvind and others},
  year={2011}
}

@inproceedings{hu2015cracking,
  title={Cracking Network Monitoring in DCNs with SDN},
  author={Hu, Zhiming and Luo, Jun},
  booktitle={Proc. IEEE INFOCOM},
  year={2015}
}

@inproceedings{malboubi2014intelligent,
  title={Intelligent SDN based traffic (de) Aggregation and Measurement Paradigm (iSTAMP)},
  author={Malboubi, Mehdi and Wang, Liyuan and Chuah, Chen-Nee and Sharma, Puneet},
  booktitle={Proc. IEEE INFOCOM},
  pages={934--942},
  year={2014},
  organization={IEEE}
}

@article{tarjan1972depth,
  title={Depth-first search and linear graph algorithms},
  author={Tarjan, Robert},
  journal={SIAM journal on computing},
  volume={1},
  number={2},
  pages={146--160},
  year={1972},
  publisher={SIAM}
}

@inproceedings{fortz2000internet,
  title={Internet traffic engineering by optimizing OSPF weights},
  author={Fortz, Bernard and Thorup, Mikkel},
  booktitle={INFOCOM 2000. Nineteenth Annual Joint Conference of the IEEE Computer and Communications Societies. Proceedings. IEEE},
  volume={2},
  pages={519--528},
  year={2000},
  organization={IEEE}
}

@inproceedings{kang2013optimizing,
  title={Optimizing the one big switch abstraction in software-defined networks},
  author={Kang, Nanxi and Liu, Zhenming and Rexford, Jennifer and Walker, David},
  booktitle={Proceedings of the ninth ACM conference on Emerging networking experiments and technologies},
  pages={13--24},
  year={2013},
  organization={ACM}
}

@inproceedings{kanizo2013palette,
  title={Palette: Distributing tables in software-defined networks},
  author={Kanizo, Yossi and Hay, David and Keslassy, Isaac},
  booktitle={INFOCOM, 2013 Proceedings IEEE},
  pages={545--549},
  year={2013},
  organization={IEEE}
}


@article{rajahalme2011ipv6,
	title={IPv6 flow label specification},
	author={Rajahalme, Jarno and Amante, Shane and Jiang, Sheng and Carpenter, Brian},
	year={2011}
}

@inproceedings{veiga2014pythia,
  title={Pythia: Faster big data in motion through predictive software-defined network optimization at runtime},
  author={Veiga Neves, Marcelo and De Rose, Cesar AF and Katrinis, Kostas and Franke, Hubertus},
  booktitle={Parallel and Distributed Processing Symposium, 2014 IEEE 28th International},
  pages={82--90},
  year={2014},
  organization={IEEE}
}

@article{huangjoint,
  title={Joint Optimization of Rule Placement and Traffic Engineering for QoS Provisioning in Software Defined Network},
  author={Huang, Huawei and Guo, Song and Li, Peng and Ye, Baoliu and Stojmenovic, Ivan},
  journal={IEEE Transactions on Computers},
  number={1},
  pages={},
  year={2015},
  publisher={IEEE}
}

@inproceedings{al2010hedera,
  title={Hedera: Dynamic Flow Scheduling for Data Center Networks.},
  author={Al-Fares, Mohammad and Radhakrishnan, Sivasankar and Raghavan, Barath and Huang, Nelson and Vahdat, Amin},
  booktitle={NSDI},
  volume={10},
  pages={19--19},
  year={2010}
}

@inproceedings{curtis2011devoflow,
  title={DevoFlow: Scaling flow management for high-performance networks},
  author={Curtis, Andrew R and Mogul, Jeffrey C and Tourrilhes, Jean and Yalagandula, Praveen and Sharma, Puneet and Banerjee, Sujata},
  booktitle={ACM SIGCOMM Computer Communication Review},
  volume={41},
  number={4},
  pages={254--265},
  year={2011},
  organization={ACM}
}


@inproceedings{jin2014dynamic,
  title={Dynamic scheduling of network updates},
  author={Jin, Xin and Liu, Hongqiang Harry and Gandhi, Rohan and Kandula, Srikanth and Mahajan, Ratul and Zhang, Ming and Rexford, Jennifer and Wattenhofer, Roger},
  booktitle={Proceedings of the 2014 ACM conference on SIGCOMM},
  pages={539--550},
  year={2014},
  organization={ACM}
}

@article{song2005fast,
  title={Fast hash table lookup using extended bloom filter: an aid to network processing},
  author={Song, Haoyu and Dharmapurikar, Sarang and Turner, Jonathan and Lockwood, John},
  journal={ACM SIGCOMM Computer Communication Review},
  volume={35},
  number={4},
  pages={181--192},
  year={2005},
  publisher={ACM}
}

@inproceedings{kandula2009nature,
  title={The nature of data center traffic: measurements \& analysis},
  author={Kandula, Srikanth and Sengupta, Sudipta and Greenberg, Albert and Patel, Parveen and Chaiken, Ronnie},
  booktitle={Proceedings of the 9th ACM SIGCOMM conference on Internet measurement conference},
  pages={202--208},
  year={2009},
  organization={ACM}
}

@article{vissicchio2014opportunities,
  title={Opportunities and research challenges of hybrid software defined networks},
  author={Vissicchio, Stefano and Vanbever, Laurent and Bonaventure, Olivier},
  journal={ACM SIGCOMM Computer Communication Review},
  volume={44},
  number={2},
  pages={70--75},
  year={2014},
  publisher={ACM}
}

@inproceedings{SMT2013infocom,
  title={Traffic engineering in software defined networks},
  author={Agarwal, Sugam and Kodialam, Murali and Lakshman, TV},
  booktitle={IEEE INFOCOM},
  pages={2211--2219},
  year={2013},
  organization={IEEE}
}


@inproceedings{kannan2013compact,
  title={Compact TCAM: Flow entry compaction in TCAM for power aware SDN},
  author={Kannan, Kalapriya and Banerjee, Subhasis},
  booktitle={International Conference on Distributed Computing and Networking},
  pages={439--444},
  year={2013},
  organization={Springer}
}

@misc{specification20131,
  title={1.4.0},
  author={Specification-Version, OpenFlow Switch},
  year={2013},
  publisher={Open Networking Foundation}
}

@inproceedings{friedrich2009near,
  title={Near-perfect load balancing by randomized rounding},
  author={Friedrich, Tobias and Sauerwald, Thomas},
  booktitle={Proceedings of the forty-first annual ACM symposium on Theory of computing},
  pages={121--130},
  year={2009},
  organization={ACM}
}

@inproceedings{ahn2009hyperx,
  title={HyperX: topology, routing, and packaging of efficient large-scale networks},
  author={Ahn, Jung Ho and Binkert, Nathan and Davis, Al and McLaren, Moray and Schreiber, Robert S},
  booktitle={Proceedings of the Conference on High Performance Computing Networking, Storage and Analysis},
  pages={41},
  year={2009},
  organization={ACM}
}


@inproceedings{shenreliable,
  title={Reliable Multicast Routing for Software-Defined Networks},
  author={Shen, Shan-Hsiang and Huang, Liang-Hao and Yang, De-Nian and Chen, Wen-Tsuen},
  booktitle={IEEE INFOCOM},
  pages={2211--2219},
  year={2015}
}

@inproceedings{xu2016high,
  title={High-throughput anycast routing and congestion-free reconfiguration for SDNs},
  author={Xu, Hongli and Li, Xiangyang and Huang, Liusheng and Wang, Jianxin and Leng, Bing},
  booktitle={Quality of Service (IWQoS), 2016 IEEE/ACM 24th International Symposium on},
  pages={1--6},
  year={2016},
  organization={IEEE}
}

@article{wang2015ddos,
  title={DDoS attack protection in the era of cloud computing and software-defined networking},
  author={Wang, Bing and Zheng, Yao and Lou, Wenjing and Hou, Y Thomas},
  journal={Computer Networks},
  volume={81},
  pages={308--319},
  year={2015},
  publisher={Elsevier}
}

@article{yan2016software,
  title={Software-defined networking (SDN) and distributed denial of service (DDoS) attacks in cloud computing environments: A survey, some research issues, and challenges},
  author={Yan, Qiao and Yu, F Richard and Gong, Qingxiang and Li, Jianqiang},
  journal={IEEE Communications Surveys \& Tutorials},
  volume={18},
  number={1},
  pages={602--622},
  year={2016},
  publisher={IEEE}
}

@article{aslan2016impact,
  title={On the Impact of Network State Collection on the Performance of SDN Applications},
  author={Aslan, Mohamed and Matrawy, Ashraf},
  journal={IEEE Communications Letters},
  volume={20},
  number={1},
  pages={5--8},
  year={2016},
  publisher={IEEE}
}

@inproceedings{su2014flowcover,
  title={FlowCover: Low-cost flow monitoring scheme in software defined networks},
  author={Su, Zhiyang and Wang, Ting and Xia, Yu and Hamdi, Mounir},
  booktitle={Global Communications Conference (GLOBECOM)},
  pages={1956--1961},
  year={2014},
  organization={IEEE}
}

@inproceedings{van2014opennetmon,
  title={Opennetmon: Network monitoring in openflow software-defined networks},
  author={van Adrichem, Niels LM and Doerr, Christian and Kuipers, Fernando A},
  booktitle={Network Operations and Management Symposium},
  pages={1--8},
  year={2014},
  organization={IEEE}
}

@article{su2015cemon,
  title={CeMon: A cost-effective flow monitoring system in software defined networks},
  author={Su Zhiyang and Wang, Ting and Xia, Yu and Hamdi, Mounir},
  journal={Computer Networks},
  volume={92},
  pages={101--115},
  year={2015},
  publisher={Elsevier}
}

@article{estan2004building,
  title={Building a better NetFlow},
  author={Estan, Cristian and Keys, Ken and Moore, David and Varghese, George},
  journal={ACM SIGCOMM Computer Communication Review},
  volume={34},
  number={4},
  pages={245--256},
  year={2004},
  publisher={ACM}
}

@article{phaal2004sflow,
  title={sflow version 5},
  author={Phaal, Peter and Lavine, Marc},
  journal={URL: http://www. sflow. org/sflow\_version\_5. txt, J uli},
  year={2004}
}

@inproceedings{yu2013software,
  title={Software Defined Traffic Measurement with OpenSketch},
  author={Yu, Minlan and Jose, Lavanya and Miao, Rui},
  booktitle={the 10th USENIX Symposium on Networked Systems Design and Implementation},
  pages={29--42},
  year={2013}
}

@book{estan2002new,
  title={New directions in traffic measurement and accounting},
  author={Estan, Cristian and Varghese, George},
  volume={32},
  number={4},
  year={2002},
  publisher={ACM}
}

@article{yassine2015software,
  title={Software defined network traffic measurement: Current trends and challenges},
  author={Yassine, Abdulsalam and Rahimi, Hesam and Shirmohammadi, Shervin},
  journal={IEEE Instrumentation \& Measurement Magazine},
  volume={18},
  number={2},
  pages={42--50},
  year={2015},
  publisher={IEEE}
}


@inproceedings{moshref2015scream,
  title={Scream: Sketch resource allocation for software-defined measurement},
  author={Moshref, Masoud and Yu, Minlan and Govindan, Ramesh and Vahdat, Amin},
  booktitle={Proceedings of the 11th ACM Conference on Emerging Networking Experiments and Technologies},
  pages={14},
  year={2015},
  organization={ACM}
}

@inproceedings{huang2017sketchvisor,
  title={SketchVisor: Robust Network Measurement for Software Packet Processing},
  author={Huang, Qun and Jin, Xin and Lee, Patrick PC and Li, Runhui and Tang, Lu and Chen, Yi-Chao and Zhang, Gong},
  booktitle={Proceedings of the Conference of the ACM Special Interest Group on Data Communication},
  pages={113--126},
  year={2017},
  organization={ACM}
}

@article{cormode2005s,
  title={What's new: Finding significant differences in network data streams},
  author={Cormode, Graham and Muthukrishnan, S},
  journal={IEEE/ACM Transactions on Networking},
  volume={13},
  number={6},
  pages={1219--1232},
  year={2005},
  publisher={IEEE Press}
}

@article{schweller2007reversible,
  title={Reversible sketches: enabling monitoring and analysis over high-speed data streams},
  author={Schweller, Robert and Li, Zhichun and Chen, Yan and Gao, Yan and Gupta, Ashish and Zhang, Yin and Dinda, Peter A and Kao, Ming-Yang and Memik, Gokhan},
  journal={IEEE/ACM Transactions on Networking (ToN)},
  volume={15},
  number={5},
  pages={1059--1072},
  year={2007},
  publisher={IEEE Press}
}

@inproceedings{li2016flowradar,
  title={FlowRadar: A Better NetFlow for Data Centers.},
  author={Li, Yuliang and Miao, Rui and Kim, Changhoon and Yu, Minlan},
  booktitle={NSDI},
  pages={311--324},
  year={2016}
}

@inproceedings{cormode2004improved,
  title={An improved data stream summary: The count-min sketch and its applications},
  author={Cormode, Graham and Muthukrishnan, S},
  booktitle={Latin American Symposium on Theoretical Informatics},
  pages={29--38},
  year={2004},
  organization={Springer}
}

@article{su2017jota,
  title={JOTA: Joint optimization for the task assignment of sketch-based measurement},
  author={Su, Zhiyang and Wang, Ting and Hamdi, Mounir},
  journal={Computer Communications},
  volume={102},
  pages={17--27},
  year={2017},
  publisher={Elsevier}
}

@inproceedings{su2015costa,
  title={Costa: Cross-layer optimization for sketch-based software defined measurement task assignment},
  author={Su, Zhiyang and Wang, Ting and Hamd, Mounir},
  booktitle={Quality of Service (IWQoS), 2015 IEEE 23rd International Symposium on},
  pages={183--188},
  year={2015},
  organization={IEEE}
}

@inproceedings{jose2011online,
  title={Online Measurement of Large Traffic Aggregates on Commodity Switches.},
  author={Jose, Lavanya and Yu, Minlan and Rexford, Jennifer},
  booktitle={Hot-ICE},
  year={2011}
}

@inproceedings{liu2016mozart,
  title={Mozart: Temporal coordination of measurement},
  author={Liu, Xuemei and Shirazipour, Meral and Yu, Minlan and Zhang, Ying},
  booktitle={Proceedings of the Symposium on SDN Research},
  pages={13},
  year={2016},
  organization={ACM}
}

@inproceedings{sekar2008csamp,
  title={cSamp: A System for Network-Wide Flow Monitoring.},
  author={Sekar, Vyas and Reiter, Michael K and Willinger, Walter and Zhang, Hui and Kompella, Ramana Rao and Andersen, David G},
  booktitle={NSDI},
  volume={8},
  pages={233--246},
  year={2008}
}

@inproceedings{yu2014distributed,
  title={Distributed and collaborative traffic monitoring in software defined networks},
  author={Yu, Ye and Qian, Chen and Li, Xin},
  booktitle={Proceedings of the third workshop on Hot topics in software defined networking},
  pages={85--90},
  year={2014},
  organization={ACM}
}

@inproceedings{sekar2010coordinated,
  title={Coordinated sampling sans origin-destination identifiers: algorithms and analysis},
  author={Sekar, Vyas and Gupta, Anupam and Reiter, Michael K and Zhang, Hui},
  booktitle={Communication Systems and Networks (COMSNETS), 2010 Second International Conference on},
  pages={1--10},
  year={2010},
  organization={IEEE}
}

@misc{pfaff2012openflow,
  title={Openflow switch specification v1.3.0},
  author={Pfaff, Ben and others},
  year={2012}
}

@inproceedings{wang2014scotch,
  title={Scotch: Elastically scaling up sdn control-plane using vswitch based overlay},
  author={Wang, An and Guo, Yang and Hao, Fang and Lakshman, TV and Chen, Songqing},
  booktitle={Proceedings of the 10th ACM International on Conference on emerging Networking Experiments and Technologies},
  pages={403--414},
  year={2014},
  organization={ACM}
}

@article{charikar2004finding,
  title={Finding frequent items in data streams},
  author={Charikar, Moses and Chen, Kevin and Farach-Colton, Martin},
  journal={Theoretical Computer Science},
  volume={312},
  number={1},
  pages={3--15},
  year={2004},
  publisher={Elsevier}
}



@MISC{ResourceMonitoring,
  title =        {Resource Monitoring Usage Computation Overview},
  howpublished = {\url{https://www.juniper.net/documentation/en_US/junos/topics/concept/resource-monitoring-usage-calculation.html}},
}

@article{moshref2015dream,
  title={DREAM: dynamic resource allocation for software-defined measurement},
  author={Moshref, Masoud and Yu, Minlan and Govindan, Ramesh and Vahdat, Amin},
  journal={ACM SIGCOMM Computer Communication Review},
  volume={44},
  number={4},
  pages={419--430},
  year={2015},
  publisher={ACM}
}

@inproceedings{moshref2015scream,
  title={Scream: Sketch resource allocation for software-defined measurement},
  author={Moshref, Masoud and Yu, Minlan and Govindan, Ramesh and Vahdat, Amin},
  booktitle={Proceedings of the 11th ACM Conference on Emerging Networking Experiments and Technologies},
  pages={14},
  year={2015},
  organization={ACM}
}

@inproceedings{liu2016one,
  title={One sketch to rule them all: Rethinking network flow monitoring with univmon},
  author={Liu, Zaoxing and Manousis, Antonis and Vorsanger, Gregory and Sekar, Vyas and Braverman, Vladimir},
  booktitle={Proceedings of the 2016 conference on ACM SIGCOMM 2016 Conference},
  pages={101--114},
  year={2016},
  organization={ACM}
}

@article{homem2010finding,
  title={Finding top-k elements in data streams},
  author={Homem, Nuno and Carvalho, Joao Paulo},
  journal={Information Sciences},
  volume={180},
  number={24},
  pages={4958--4974},
  year={2010},
  publisher={Elsevier}
}

@inproceedings{xu2017miniming,
  title={Minimizing Flow Statistics Collection Cost of SDN Using Wildcard Requests},
  author={Xu, Hongli and Yu, Zhuolong and Qian, Chen and Li, Xiang-Yang and Liu, Zichun},
  booktitle={IEEE INFOCOM},
  pages={1--9},
  year={2017}
}

@article{ingargiola1973reduction,
  title={Reduction algorithm for zero-one single knapsack problems},
  author={Ingargiola, Giorgio P and Korsh, James F},
  journal={Management science},
  volume={20},
  number={4-part-i},
  pages={460--463},
  year={1973},
  publisher={INFORMS}
}

@article{khuller1999budgeted,
  title={The budgeted maximum coverage problem},
  author={Khuller, Samir and Moss, Anna and Naor, Joseph Seffi},
  journal={Information Processing Letters},
  volume={70},
  number={1},
  pages={39--45},
  year={1999},
  publisher={Elsevier}
}

@incollection{chekuri2004maximum,
  title={Maximum coverage problem with group budget constraints and applications},
  author={Chekuri, Chandra and Kumar, Amit},
  booktitle={Approximation, Randomization, and Combinatorial Optimization. Algorithms and Techniques},
  pages={72--83},
  year={2004},
  publisher={Springer}
}

@MISC{cmulec10,
	title={Approximations Algorithms},
	author={Anupam Gupta},
	year={2005},
	publisher={Carnegie Mellon University}
}

@article{martello1999dynamic,
  title={Dynamic programming and strong bounds for the 0-1 knapsack problem},
  author={Martello, Silvano and Pisinger, David and Toth, Paolo},
  journal={Management Science},
  volume={45},
  number={3},
  pages={414--424},
  year={1999},
  publisher={INFORMS}
}

@inproceedings{vissicchio2015central,
  title={Central control over distributed routing},
  author={Vissicchio, Stefano and Tilmans, Olivier and Vanbever, Laurent and Rexford, Jennifer},
  booktitle={ACM SIGCOMM Computer Communication Review},
  volume={45},
  number={4},
  pages={43--56},
  year={2015},
  organization={ACM}
}

@book{davie2000mpls,
  title={MPLS: technology and applications},
  author={Davie, Bruce S and Rekhter, Yakov},
  year={2000},
  publisher={Morgan Kaufmann Publishers Inc.}
}

@techreport{halpern2015service,
  title={Service function chaining (sfc) architecture},
  author={Halpern, Joel and Pignataro, Carlos},
  year={2015}
}

@inproceedings{akella2014quality,
  title={Quality of service (QoS)-guaranteed network resource allocation via software defined networking (SDN)},
  author={Akella, Anand V and Xiong, Kaiqi},
  booktitle={Proceedings of the 2014 IEEE 12th International Conference on Dependable, Autonomic and Secure Computing},
  pages={7--13},
  year={2014},
  organization={IEEE Computer Society}
}

@article{bosshart2014p4,
  title={P4: Programming protocol-independent packet processors},
  author={Bosshart, Pat and Daly, Dan and Gibb, Glen and Izzard, Martin and McKeown, Nick and Rexford, Jennifer and Schlesinger, Cole and Talayco, Dan and Vahdat, Amin and Varghese, George and others},
  journal={ACM SIGCOMM Computer Communication Review},
  volume={44},
  number={3},
  pages={87--95},
  year={2014},
  publisher={ACM}
}

@MISC{juniper2018p4,
  title = {Juniper Advancing Disaggregation Through P4 Runtime Integration},
  howpublished = {\url{https://forums.juniper.net/t5/Engineering-Simplicity/Juniper-Advancing-Disaggregation-Through-P4-Runtime-Integration/ba-p/319195}},
  year={2018},
  author={Nitin Kumar}
}

@MISC{juniper2018qfx5100,
  title = {QFX5100 ETHERNET SWITCH},
  howpublished = {\url{https://www.juniper.net/assets/us/en/local/pdf/datasheets/1000480-en.pdf}},
  year={2018},
}

@article{yu2018countmax,
  title={CountMax: A Lightweight and Cooperative Sketch Measurement for Software-Defined Networks},
  author={Yu, Xiwen and Xu, Hongli and Yao, Da and Wang, Haibo and Huang, Liusheng},
  journal={IEEE/ACM Transactions on Networking (TON)},
  volume={26},
  number={6},
  pages={2774--2786},
  year={2018},
  publisher={IEEE Press}
}

@article{wang2018integrating,
  title={Integrating Coflow and Circuit Scheduling for Optical Networks},
  author={Wang, Haibo and Yu, Xiwen and Xu, Hongli and Fan, Jingyuan and Qiao, Chunming and Huang, Liusheng},
  journal={IEEE Transactions on Parallel and Distributed Systems},
  year={2018},
  publisher={IEEE}
}

@inproceedings{hammarlund20134th,
  title={4th generation Intel core processor, codenamed haswell},
  author={Hammarlund, Per and Martinez, Alberto J and Bajwa, Atiq and Hill, David L and Hallnor, Erik and Jiang, Hong and Dixon, Martin and Derr, Michael and Hunsaker, Mikal and Kumar, Rajesh and others},
  booktitle={Hot chips},
  volume={25},
  year={2013}
}